@inproceedings{Kale2010,
 author = {Kale, Vivek and Solomonik, Edgar},
 title = {Parallel sorting pattern},
 booktitle = {Proceedings of the 2010 Workshop on Parallel Programming Patterns},
 series = {ParaPLoP '10},
 year = {2010},
 isbn = {978-1-4503-0127-5},
 location = {Carefree, Arizona},
 pages = {10:1--10:12},
 articleno = {10},
 numpages = {12},
 url = {http://doi.acm.org/10.1145/1953611.1953621},
 doi = {10.1145/1953611.1953621},
 acmid = {1953621},
 publisher = {ACM},
 address = {New York, NY, USA},
}

@book{Quinn2004,
  title={Parallel Programming in C With Mpi and Openmp},
  author={Quinn, M.J.},
  isbn={9780072822564},
  lccn={03046371},
  series={McGraw-Hill Higher Education},
  url={http://books.google.pt/books?id=tDxNyGSXg5IC},
  year={2004},
  publisher={McGraw-Hill Higher Education}
}

@article{Li1993,
 author = {Li, Xiaobo and Lu, Paul and Schaeffer, Jonathan and Shillington, John and Wong, Pok Sze and Shi, Hanmao},
 title = {On the versatility of parallel sorting by regular sampling},
 journal = {Parallel Comput.},
 issue_date = {Oct. 1993},
 volume = {19},
 number = {10},
 month = oct,
 year = {1993},
 issn = {0167-8191},
 pages = {1079--1103},
 numpages = {25},
 url = {http://dx.doi.org/10.1016/0167-8191(93)90019-H},
 doi = {10.1016/0167-8191(93)90019-H},
 acmid = {176659},
 publisher = {Elsevier Science Publishers B. V.},
 address = {Amsterdam, The Netherlands, The Netherlands},
 keywords = {hypercubes, network of workstations, parallel sorting algorithms, parallel sorting by regular sampling, shared memory architectures},
} 
@manual{	xeon5600,
	title = {Intel{\textregistered} Xeon{\textregistered} Processor 5600 Series Datasheet Volume 1},
	organization = {Intel Corporation},
	month = {June},
	year = {2011},
	note = {Revision 002},
	pages = {11--12},
	urldate = {http://www.intel.com/content/dam/www/public/us/en/documents/datasheets/xeon-5600-vol-1-datasheet.pdf},
}
@manual{	xeon32,
	title = {64-bit Intel\textregistered Xeon\texttrademark Processor with 2 MB L2 Cache Datasheet},
	organization = {Intel Corporation},
	month = {September},
	year = {2005},
	note = {Revision 002},
	urldate = {http://www.intel.com/Assets/en_US/PDF/datasheet/306249.pdf},
}

@manual{	amd6174,
	title = {AMD Opteron\texttrademark Processor Data Sheet},
	organization = {Advanced Micro Devices, Inc.},
	month = {February},
	year = {2004},
	note = {Revision 3.09},
	urldate = {http://www.cybernex.co.uk/opteron_processor_datasheet.pdf},
}

